@article{Altman1968,
  author          = {Altman, Edward I.},
  doi             = {10.1111/j.1540-6261.1968.tb00843.x},
  isbn            = {0022-1082},
  issn            = {15406261},
  journal         = {The Journal of Finance},
  number          = {4},
  pages           = {589--609},
  title           = {{Financial Ratios, Discriminant Analysis and the Prediction of Corporate Bankruptcy}},
  volume          = {23},
  year            = {1968}
}

@article{Altman1977,
  author          = {Altman, Edward I. and Haldeman, Robert G. and Narayanan, P.},
  doi             = {10.1016/0378-4266(77)90017-6},
  isbn            = {0378-4266},
  issn            = {03784266},
  journal         = {Journal of Banking and Finance},
  number          = {1},
  pages           = {29--54},
  title           = {{ZETATM analysis A new model to identify bankruptcy risk of corporations}},
  url             = {http://www.sciencedirect.com/science/article/pii/0378426677900176},
  volume          = {1},
  year            = {1977}
}

@article{Ohlson1980,
  author          = {Ohlson, James A.},
  doi             = {10.2307/2490395},
  issn            = {00218456},
  journal         = {Journal of Accounting Research},
  mendeley-groups = {机器学习/破产预测,Writing/PIMP-XGBoost},
  number          = {1},
  pages           = {109},
  publisher       = {JSTOR},
  title           = {{Financial Ratios and the Probabilistic Prediction of Bankruptcy}},
  volume          = {18},
  year            = {1980}
}

@article{Pantalone1987,
  author          = {Pantalone, Coleen C and Platt, Marjorie},
  journal         = {New England Economic Review},
  mendeley-groups = {机器学习/破产预测,Writing/PIMP-XGBoost},
  number          = {August},
  pages           = {37--47},
  title           = {{Predicting Commercial Bank Failure Since Deregulation}},
  url             = {https://ideas.repec.org/a/fip/fedbne/y1987ijulp37-47.html},
  year            = {1987}
}

@article{Alaka2018,
  author          = {Alaka, Hafiz A. and Oyedele, Lukumon O. and Owolabi, Hakeem A. and Kumar, Vikas and Ajayi, Saheed O. and Akinade, Olugbenga O. and Bilal, Muhammad},
  chapter         = {164},
  doi             = {10.1016/j.eswa.2017.10.040},
  file            = {:C\:/Users/qhykk/AppData/Local/Mendeley Ltd./Mendeley Desktop/Downloaded/Alaka et al. - 2018 - Systematic review of bankruptcy prediction models Towards a framework for tool selection.pdf:pdf},
  isbn            = {09574174},
  issn            = {09574174},
  journal         = {Expert Systems with Applications},
  keywords        = {Artificial intelligence tools,Bankruptcy prediction tools,Error types,Financial ratios,Statistical tools,Systematic review,Tool selection framework},
  mendeley-groups = {机器学习/破产预测,Writing/PIMP-XGBoost},
  pages           = {164--184},
  title           = {{Systematic review of bankruptcy prediction models: Towards a framework for tool selection}},
  volume          = {94},
  year            = {2018}
}

@inproceedings{Alaka2015,
  author          = {Alaka, Hafiz and Oyedele, Lukumon O. and Toriola-Coker, Olalekan L. and Owolabi, Hakeem O. and Akinade, Olugbenga O. and Bilal, Muhammad and Ajayi, Saheed O.},
  booktitle       = {Proceedings of the 31st Annual Association of Researchers in Construction Management Conference, ARCOM 2015},
  isbn            = {9780955239090},
  keywords        = {Bankruptcy prediction models,Construction business failure},
  mendeley-groups = {Writing/PIMP-XGBoost,机器学习/破产预测},
  pages           = {1291--1300},
  publisher       = {Association of Researchers in Construction Management},
  title           = {{Methodological approach of construction businesses failure prediction studies: A review}},
  year            = {2015}
}

@article{Altman2007,
  author          = {Altman, Edward I. and Sabato, Gabriele},
  chapter         = {332},
  doi             = {10.1111/j.1467-6281.2007.00234.x},
  file            = {:C\:/Users/qhykk/AppData/Local/Mendeley Ltd./Mendeley Desktop/Downloaded/Altman, Sabato - 2007 - Modelling Credit Risk for SMEs Evidence from the U.S. Market.pdf:pdf},
  isbn            = {0001-3072
1467-6281},
  issn            = {00013072},
  journal         = {Abacus},
  keywords        = {Basel II,Capital requirements,Finance,Modelling credit risk,SME},
  mendeley-groups = {机器学习/破产预测,Writing/PIMP-XGBoost},
  number          = {3},
  pages           = {332--357},
  title           = {{Modelling credit risk for SMEs: Evidence from the U.S. market}},
  volume          = {43},
  year            = {2007}
}

@article{Nanni2009,
  author          = {Nanni, Loris and Lumini, Alessandra},
  chapter         = {3028},
  doi             = {10.1016/j.eswa.2008.01.018},
  file            = {:C\:/Users/qhykk/AppData/Local/Mendeley Ltd./Mendeley Desktop/Downloaded/Nanni, Lumini - 2009 - An experimental comparison of ensemble of classifiers for bankruptcy prediction and credit scoring.pdf:pdf},
  isbn            = {09574174},
  issn            = {09574174},
  journal         = {Expert Systems with Applications},
  keywords        = {Bankruptcy prediction,Credit scoring,Ensemble of classifiers},
  mendeley-groups = {机器学习/破产预测,Writing/PIMP-XGBoost},
  number          = {2 PART 2},
  pages           = {3028--3033},
  title           = {{An experimental comparison of ensemble of classifiers for bankruptcy prediction and credit scoring}},
  volume          = {36},
  year            = {2009}
}

@article{RaviKumar2007,
  author          = {{Ravi Kumar}, P. and Ravi, V.},
  chapter         = {1},
  doi             = {10.1016/j.ejor.2006.08.043},
  file            = {:C\:/Users/qhykk/AppData/Local/Mendeley Ltd./Mendeley Desktop/Downloaded/Ravi Kumar, Ravi - 2007 - Bankruptcy prediction in banks and firms via statistical and intelligent techniques – A review.pdf:pdf},
  isbn            = {03772217},
  issn            = {03772217},
  journal         = {European Journal of Operational Research},
  keywords        = {Bankruptcy prediction,Banks,Case-based reasoning,Decision trees,Evolutionary approaches,Firms,Fuzzy logic,Intelligent techniques,Neural networks,Operations research,Rough sets,Statistics,Support vector machine and soft computing},
  mendeley-groups = {机器学习/破产预测,Writing,Writing/PIMP-XGBoost},
  number          = {1},
  pages           = {1--28},
  title           = {{Bankruptcy prediction in banks and firms via statistical and intelligent techniques - A review}},
  volume          = {180},
  year            = {2007}
}

@article{Begley1996,
  author          = {Begley, Joy and Ming, Jin and Watts, Susan},
  doi             = {10.1007/BF00570833},
  issn            = {13806653},
  journal         = {Review of Accounting Studies},
  mendeley-groups = {Writing/PIMP-XGBoost,机器学习/破产预测},
  number          = {4},
  pages           = {267--284},
  publisher       = {Springer Science and Business Media Deutschland GmbH},
  title           = {{Bankruptcy classification errors in the 1980s: an empirical analysis of altman's and ohlson's models}},
  volume          = {1},
  year            = {1996}
}

@article{Atiya2001,
  annote          = {Atiya, A F
eng
IEEE Trans Neural Netw. 2001;12(4):929-35. doi: 10.1109/72.935101.},
  author          = {Atiya, Amir F.},
  doi             = {10.1109/72.935101},
  edition         = {2008/02/06},
  file            = {:C\:/Users/qhykk/AppData/Local/Mendeley Ltd./Mendeley Desktop/Downloaded/Atiya - 2001 - Bankruptcy prediction for credit risk using neural networks a survey and new results.pdf:pdf},
  isbn            = {1045-9227 (Print)
1045-9227 (Linking)},
  issn            = {10459227},
  journal         = {IEEE Transactions on Neural Networks},
  keywords        = {Asset-based model,Bankruptcy prediction,Corporate distress,Corporate failure prediction,Credit risk,Default prediction,Financial ratios,Financial statement data,Multilayer networks},
  mendeley-groups = {机器学习/破产预测,Writing/PIMP-XGBoost},
  number          = {4},
  pages           = {929--935},
  pmid            = {18249923},
  title           = {{Bankruptcy prediction for credit risk using neural networks: A survey and new results}},
  url             = {https://www.ncbi.nlm.nih.gov/pubmed/18249923},
  volume          = {12},
  year            = {2001}
}

@article{West2000,
  author          = {West, David},
  doi             = {10.1016/S0305-0548(99)00149-5},
  issn            = {03050548},
  journal         = {Computers and Operations Research},
  keywords        = {Credit scoring,Mixture-of-experts,Multilayer perceptron,Neural networks,Radial basis function},
  mendeley-groups = {Writing/PIMP-XGBoost,机器学习/破产预测},
  month           = {sep},
  number          = {11-12},
  pages           = {1131--1152},
  publisher       = {Elsevier Science Ltd},
  title           = {{Neural network credit scoring models}},
  volume          = {27},
  year            = {2000}
}

@inproceedings{Adisa2019,
  author          = {Adisa, Juliana Adeola and Ojo, Samuel Olusegun and Owolawi, Pius Adewale and Pretorius, Agnieta Beatrijs},
  booktitle       = {Proceedings - 2019 International Multidisciplinary Information Technology and Engineering Conference, IMITEC 2019},
  doi             = {10.1109/IMITEC45504.2019.9015884},
  file            = {:C\:/Users/qhykk/AppData/Local/Mendeley Ltd./Mendeley Desktop/Downloaded/Adisa et al. - 2019 - Financial Distress Prediction Principle Component Analysis and Artificial Neural Networks.pdf:pdf},
  isbn            = {9781728100401},
  keywords        = {Area under curve,Artificial neural networks,PCA,bankruptcy prediction},
  mendeley-groups = {机器学习/破产预测,Writing/PIMP-XGBoost},
  pages           = {1--6},
  title           = {{Financial Distress Prediction: Principle Component Analysis and Artificial Neural Networks}},
  url             = {https://ieeexplore.ieee.org/document/9015884/},
  year            = {2019}
}

@article{Fallahpour2017,
  author          = {Fallahpour, Saeid and Lakvan, Eisa Norouzian and Zadeh, Mohammad Hendijani},
  chapter         = {159},
  doi             = {10.1016/j.jretconser.2016.10.002},
  file            = {:C\:/Users/qhykk/AppData/Local/Mendeley Ltd./Mendeley Desktop/Downloaded/Fallahpour, Lakvan, Zadeh - 2017 - Using an ensemble classifier based on sequential floating forward selection for financial distress pr.pdf:pdf},
  isbn            = {09696989},
  issn            = {09696989},
  journal         = {Journal of Retailing and Consumer Services},
  keywords        = {Artificial bee colony,Bankruptcy prediction problem,Genetic algorithm,Sequential floating forward,Support vector machine},
  mendeley-groups = {机器学习/破产预测,Writing/PIMP-XGBoost},
  pages           = {159--167},
  title           = {{Using an ensemble classifier based on sequential floating forward selection for financial distress prediction problem}},
  volume          = {34},
  year            = {2017}
}

@article{Teles2020,
  annote          = {Teles, Germanno Rodrigues, Joel J. P. C. Rabelo, Ricardo A. L. Kozlov, Sergei A.
de Andrade Lira Rabelo, Ricardo/AAN-3551-2020
de Andrade Lira Rabelo, Ricardo/0000-0003-1482-6404; Rodrigues, Joel/0000-0001-8657-3800
1097-024x},
  author          = {Teles, Germanno and Rodrigues, Joel J.P.C. and Rab{\^{e}}lo, Ricardo A.L. and Kozlov, Sergei A.},
  doi             = {10.1002/spe.2842},
  file            = {:C\:/Users/qhykk/AppData/Local/Mendeley Ltd./Mendeley Desktop/Downloaded/Teles et al. - 2020 - Comparative study of support vector machines and random forests machine learning algorithms on credit operation.pdf:pdf},
  isbn            = {0038-0644},
  issn            = {1097024X},
  journal         = {Software - Practice and Experience},
  keywords        = {Big Data,credit operation,machine learning,random forests,support vector machines},
  mendeley-groups = {机器学习/破产预测,Writing/PIMP-XGBoost},
  title           = {{Comparative study of support vector machines and random forests machine learning algorithms on credit operation}},
  url             = {https://onlinelibrary.wiley.com/doi/pdfdirect/10.1002/spe.2842?download=true},
  year            = {2020}
}

@article{Ding2008,
  author          = {Ding, Yongsheng and Song, Xinping and Zen, Yueming},
  chapter         = {3081},
  doi             = {10.1016/j.eswa.2007.06.037},
  file            = {:C\:/Users/qhykk/AppData/Local/Mendeley Ltd./Mendeley Desktop/Downloaded/Ding, Song, Zen - 2008 - Forecasting financial condition of Chinese listed companies based on support vector machine.pdf:pdf},
  isbn            = {09574174},
  issn            = {09574174},
  journal         = {Expert Systems with Applications},
  keywords        = {Chinese listed companies,Chinese special-treated event,Forecast financial condition,Grid-search,Support vector machines},
  mendeley-groups = {机器学习/破产预测,Writing/PIMP-XGBoost},
  number          = {4},
  pages           = {3081--3089},
  title           = {{Forecasting financial condition of Chinese listed companies based on support vector machine}},
  volume          = {34},
  year            = {2008}
}

@article{Cortes1995,
  author          = {Cortes, Corinna and Vapnik, Vladimir},
  doi             = {10.1007/bf00994018},
  issn            = {0885-6125},
  journal         = {Machine Learning},
  mendeley-groups = {Writing/PIMP-XGBoost},
  number          = {3},
  pages           = {273--297},
  title           = {{Support-vector networks}},
  url             = {https://doi.org/10.1007/BF00994018},
  volume          = {20},
  year            = {1995}
}

@article{Khemakhem2018,
  author          = {Khemakhem, Sihem and Boujelbene, Younes},
  chapter         = {316},
  doi             = {10.1108/RAF-07-2017-0143},
  file            = {:C\:/Users/qhykk/AppData/Local/Mendeley Ltd./Mendeley Desktop/Downloaded/Khemakhem, Boujelbene - 2018 - Predicting credit risk on the basis of financial and non-financial variables and data mining.pdf:pdf},
  isbn            = {1475-7702},
  issn            = {17587700},
  journal         = {Review of Accounting and Finance},
  keywords        = {Artificial neural network,Credit risk assessment,Decision trees,Financial variables,Non-financial variables,Unbalanced data},
  mendeley-groups = {机器学习/破产预测,Writing/PIMP-XGBoost},
  number          = {3},
  pages           = {316--340},
  title           = {{Predicting credit risk on the basis of financial and non-financial variables and data mining}},
  volume          = {17},
  year            = {2018}
}

@article{Friedman2001,
  author          = {Friedman, Jerome H.},
  doi             = {10.1214/aos/1013203451},
  file            = {:C\:/Users/qhykk/AppData/Local/Mendeley Ltd/Mendeley Desktop/Downloaded/Greedy Function Approximation_ A Gradient Boos.pdf:pdf},
  isbn            = {00905364},
  issn            = {00905364},
  journal         = {Annals of Statistics},
  keywords        = {Boosting,Decision trees,Function estimation,Robust nonparametric regression},
  mendeley-groups = {机器学习/梯度提升机,Writing/PIMP-XGBoost},
  number          = {5},
  pages           = {1189--1232},
  publisher       = {Institute of Mathematical Statistics},
  title           = {{Greedy function approximation: A gradient boosting machine}},
  url             = {http://www.jstor.org/stable/2699986},
  volume          = {29},
  year            = {2001}
}
@misc{Chen2016,
  archiveprefix   = {arXiv},
  arxivid         = {1603.02754},
  author          = {Chen, Tianqi and Guestrin, Carlos},
  booktitle       = {Proceedings of the ACM SIGKDD International Conference on Knowledge Discovery and Data Mining},
  doi             = {10.1145/2939672.2939785},
  eprint          = {1603.02754},
  file            = {:C\:/Users/qhykk/AppData/Local/Mendeley Ltd/Mendeley Desktop/Downloaded/XGBoost.pdf:pdf},
  isbn            = {9781450342322},
  keywords        = {Large-scale Machine learning},
  mendeley-groups = {机器学习/梯度提升机,Writing/PIMP-XGBoost},
  pages           = {785--794},
  title           = {{XGBoost: A scalable tree boosting system}},
  volume          = {13-17-August-2016},
  year            = {2016}
}

@article{Ke2017,
  annote          = {Bl5st
Times Cited:9
Cited References Count:29
Advances in Neural Information Processing Systems},
  author          = {Ke, Guolin and Meng, Qi and Finley, Thomas and Wang, Taifeng and Chen, Wei and Ma, Weidong and Ye, Qiwei and Liu, Tie Yan},
  file            = {:C\:/Users/qhykk/AppData/Local/Mendeley Ltd/Mendeley Desktop/Downloaded/6907-lightgbm-a-highly-efficient-gradient-boos.pdf:pdf},
  isbn            = {1049-5258},
  issn            = {10495258},
  journal         = {Advances in Neural Information Processing Systems},
  keywords        = {logistic-regression},
  language        = {English},
  mendeley-groups = {机器学习/梯度提升机,Writing/PIMP-XGBoost},
  pages           = {3147--3155},
  title           = {{LightGBM: A highly efficient gradient boosting decision tree}},
  volume          = {2017-December},
  year            = {2017}
}

@incollection{Wyrobek2019,
  author          = {Wyrobek, Joanna and Kluza, Krzysztof},
  booktitle       = {Advances in Intelligent Systems and Computing},
  chapter         = {Chapter 3},
  doi             = {10.1007/978-3-319-99993-7_3},
  file            = {:C\:/Users/qhykk/AppData/Local/Mendeley Ltd./Mendeley Desktop/Downloaded/Wyrobek, Kluza - 2019 - Efficiency of Gradient Boosting Decision Trees Technique in Polish Companies' Bankruptcy Prediction.pdf:pdf},
  isbn            = {9783319999920},
  issn            = {21945357},
  keywords        = {Bankruptcy prediction,Machine learning},
  mendeley-groups = {机器学习/破产预测,Writing/PIMP-XGBoost},
  pages           = {24--35},
  title           = {{Efficiency of gradient boosting decision trees technique in polish companies' bankruptcy prediction}},
  volume          = {854},
  year            = {2019}
}

@article{Son2019,
  author          = {Son, H. and Hyun, C. and Phan, D. and Hwang, H. J.},
  chapter         = {112816},
  doi             = {10.1016/j.eswa.2019.07.033},
  file            = {:C\:/Users/qhykk/AppData/Local/Mendeley Ltd./Mendeley Desktop/Downloaded/Son et al. - 2019 - Data analytic approach for bankruptcy prediction.pdf:pdf},
  isbn            = {09574174},
  issn            = {09574174},
  journal         = {Expert Systems with Applications},
  keywords        = {Bankruptcy prediction,Boosting,Box–Cox transformation,Data analysis,Feature importance,Machine learning,Preprocessing},
  mendeley-groups = {机器学习/破产预测,Writing/PIMP-XGBoost},
  title           = {{Data analytic approach for bankruptcy prediction}},
  volume          = {138},
  year            = {2019}
}

@article{Altmann2010,
  author          = {Altmann, Andr{\'{e}} and Toloşi, Laura and Sander, Oliver and Lengauer, Thomas},
  doi             = {10.1093/bioinformatics/btq134},
  file            = {:C\:/Users/qhykk/AppData/Local/Mendeley Ltd/Mendeley Desktop/Downloaded/Permutation importance_ a corrected feature im.pdf:pdf},
  isbn            = {1367-4803},
  issn            = {13674803},
  journal         = {Bioinformatics},
  mendeley-groups = {机器学习/可解释性,Writing/PIMP-XGBoost},
  number          = {10},
  pages           = {1340--1347},
  pmid            = {20385727},
  title           = {{Permutation importance: A corrected feature importance measure}},
  url             = {https://doi.org/10.1093/bioinformatics/btq134},
  volume          = {26},
  year            = {2010}
}


@article{Xia2017,
  author          = {Xia, Yufei and Liu, Chuanzhe and Li, Yu Ying and Liu, Nana},
  chapter         = {225},
  doi             = {10.1016/j.eswa.2017.02.017},
  file            = {:C\:/Users/qhykk/AppData/Local/Mendeley Ltd./Mendeley Desktop/Downloaded/Xia et al. - 2017 - A boosted decision tree approach using Bayesian hyper-parameter optimization for credit scoring.pdf:pdf},
  isbn            = {09574174},
  issn            = {09574174},
  journal         = {Expert Systems with Applications},
  keywords        = {Bayesian hyper-parameter optimization,Boosted decision tree,Credit scoring},
  mendeley-groups = {机器学习/破产预测,Writing/PIMP-XGBoost},
  pages           = {225--241},
  title           = {{A boosted decision tree approach using Bayesian hyper-parameter optimization for credit scoring}},
  volume          = {78},
  year            = {2017}
}

@article{Sun2008,
  author          = {Sun, Jie and Li, Hui},
  chapter         = {1},
  doi             = {10.1016/j.knosys.2006.11.003},
  file            = {:C\:/Users/qhykk/AppData/Local/Mendeley Ltd./Mendeley Desktop/Downloaded/Sun, Li - 2008 - Data mining method for listed companies' financial distress prediction.pdf:pdf},
  isbn            = {09507051},
  issn            = {09507051},
  journal         = {Knowledge-Based Systems},
  keywords        = {Attribute-oriented induction,Data mining,Decision tree,Financial distress prediction},
  mendeley-groups = {机器学习/破产预测,Writing/PIMP-XGBoost},
  number          = {1},
  pages           = {1--5},
  title           = {{Data mining method for listed companies' financial distress prediction}},
  volume          = {21},
  year            = {2008}
}

@article{Huang2004,
  author          = {Huang, Zan and Chen, Hsinchun and Hsu, Chia Jung and Chen, Wun Hwa and Wu, Soushan},
  chapter         = {543},
  doi             = {10.1016/S0167-9236(03)00086-1},
  file            = {:C\:/Users/qhykk/AppData/Local/Mendeley Ltd./Mendeley Desktop/Downloaded/Huang et al. - 2004 - Credit rating analysis with support vector machines and neural networks a market comparative study.pdf:pdf},
  isbn            = {01679236},
  issn            = {01679236},
  journal         = {Decision Support Systems},
  keywords        = {Backpropagation neural networks,Bond rating prediction,Credit rating analysis,Cross-market analysis,Data mining,Input variable contribution analysis,Support vector machines},
  mendeley-groups = {机器学习/破产预测,Writing/PIMP-XGBoost},
  number          = {4},
  pages           = {543--558},
  title           = {{Credit rating analysis with support vector machines and neural networks: A market comparative study}},
  volume          = {37},
  year            = {2004}
}

@article{Barboza2017,
  author          = {Barboza, Flavio and Kimura, Herbert and Altman, Edward},
  chapter         = {405},
  doi             = {10.1016/j.eswa.2017.04.006},
  file            = {:C\:/Users/qhykk/AppData/Local/Mendeley Ltd./Mendeley Desktop/Downloaded/Barboza, Kimura, Altman - 2017 - Machine learning models and bankruptcy prediction.pdf:pdf},
  isbn            = {09574174},
  issn            = {09574174},
  journal         = {Expert Systems with Applications},
  keywords        = {Bagging,Bankruptcy prediction,Boosting,Machine learning,Random forest,Support vector machines},
  mendeley-groups = {机器学习/破产预测,Writing/PIMP-XGBoost},
  pages           = {405--417},
  title           = {{Machine learning models and bankruptcy prediction}},
  volume          = {83},
  year            = {2017}
}

@article{Breiman2001,
  author          = {Breiman, Leo},
  doi             = {10.1023/A:1010933404324},
  isbn            = {1573-0565},
  issn            = {08856125},
  journal         = {Machine Learning},
  keywords        = {Classification,Ensemble,Regression},
  mendeley-groups = {机器学习/集成学习,机器学习/常用(基础模型)},
  number          = {1},
  pages           = {5--32},
  title           = {{Random forests}},
  url             = {https://doi.org/10.1023/A:1010933404324},
  volume          = {45},
  year            = {2001}
}

@article{Breiman1996,
  author          = {Breiman, Leo},
  doi             = {10.1007/bf00058655},
  isbn            = {1573-0565},
  issn            = {08856125},
  journal         = {Machine Learning},
  keywords        = {Aggregation,Averaging,Bootstrap,Combining},
  mendeley-groups = {机器学习/集成学习,机器学习/常用(基础模型)},
  number          = {2},
  pages           = {123--140},
  title           = {{Bagging predictors}},
  url             = {https://doi.org/10.1007/BF00058655},
  volume          = {24},
  year            = {1996}
}

@article{Freund1995,
  author          = {Freund, Yoav and Schapire, Robert E.},
  doi             = {10.1007/3-540-59119-2_166},
  isbn            = {9783540591191},
  issn            = {16113349},
  journal         = {Lecture Notes in Computer Science (including subseries Lecture Notes in Artificial Intelligence and Lecture Notes in Bioinformatics)},
  mendeley-groups = {Writing/PIMP-XGBoost,机器学习/集成学习},
  pages           = {23--37},
  title           = {{A decision-theoretic generalization of on-line learning and an application to boosting}},
  url             = {https://www.sciencedirect.com/science/article/pii/S002200009791504X},
  volume          = {904},
  year            = {1995}
}

@book{breiman1984classification,
  author          = {Breiman, Leo and Friedman, Jerome and Stone, Charles J and Olshen, Richard A},
  mendeley-groups = {机器学习/常用(基础模型)},
  publisher       = {CRC press},
  title           = {{Classification and regression trees}},
  year            = {1984}
}

@book{Hastie2009,
  address         = {New York, NY},
  author          = {Hastie, Trevor and Tibshirani, Robert and Friedman, Jerome},
  doi             = {10.1007/978-0-387-84858-7},
  isbn            = {978-0-387-84857-0},
  keywords        = {Artificial Intelligence (incl. Robotics),Chemistry and Earth Sciences,Computational Biology/Bioinformatics,Computer Appl. in Life Sciences,Computer Science,Data Mining and Knowledge Discovery,Physics,SCI18030,SCI21017,SCI23050,SCL17004,SCS,SCS11001,SCS14000,Statistical Theory and Methods,Statistics,Statistics for Engineering},
  mendeley-groups = {机器学习/可解释性,Writing/PIMP-XGBoost},
  publisher       = {Springer New York},
  series          = {Springer Series in Statistics},
  title           = {{The Elements of Statistical Learning}},
  url             = {http://link.springer.com/10.1007/978-0-387-84858-7},
  year            = {2009}
}

@article{Kohonen1988,
  author          = {Kohonen, Teuvo},
  doi             = {10.1016/0893-6080(88)90020-2},
  issn            = {08936080},
  journal         = {Neural Networks},
  keywords        = {Adaptive systems,Learning machines,Neural computing,Neural networks,Pattern recognition},
  mendeley-groups = {机器学习/常用(基础模型),Writing/PIMP-XGBoost},
  number          = {1},
  pages           = {3--16},
  title           = {{An introduction to neural computing}},
  url             = {https://www.sciencedirect.com/science/article/pii/0893608088900202},
  volume          = {1},
  year            = {1988}
}

@article{Qu2019,
  author          = {Qu, Yi and Quan, Pei and Lei, Minglong and Shi, Yong},
  chapter         = {895},
  doi             = {10.1016/j.procs.2019.12.065},
  file            = {:C\:/Users/qhykk/Documents/Mendeley Desktop/Qu et al. - 2019 - Review of bankruptcy prediction using machine learning and deep learning techniques.pdf:pdf},
  isbn            = {18770509},
  issn            = {18770509},
  journal         = {Procedia Computer Science},
  keywords        = {Bankruptcy prediction,Deep learning,Machine learning},
  mendeley-groups = {机器学习/破产预测,Writing/PIMP-XGBoost},
  pages           = {895--899},
  title           = {{Review of bankruptcy prediction using machine learning and deep learning techniques}},
  volume          = {162},
  year            = {2019}
}

@article{Altman2017,
  author          = {Altman, Edward I. and Iwanicz-Drozdowska, Ma{\l}gorzata and Laitinen, Erkki K. and Suvas, Arto},
  chapter         = {131},
  doi             = {10.1111/jifm.12053},
  file            = {:C\:/Users/qhykk/Documents/Mendeley Desktop/Altman et al. - 2017 - Financial Distress Prediction in an International Context A Review and Empirical Analysis of Altman's Z-Score Mod.pdf:pdf},
  isbn            = {09541314},
  issn            = {1467646X},
  journal         = {Journal of International Financial Management and Accounting},
  mendeley-groups = {机器学习/破产预测},
  number          = {2},
  pages           = {131--171},
  title           = {{Financial Distress Prediction in an International Context: A Review and Empirical Analysis of Altman's Z-Score Model}},
  volume          = {28},
  year            = {2017}
}

@article{casey1984corporate,
  author          = {Casey, Cornelius J and Bibeault, Donald and Altman, Edward I},
  journal         = {Journal of Business Strategy (pre-1986)},
  mendeley-groups = {Writing/PIMP-XGBoost,机器学习},
  number          = {000001},
  pages           = {102},
  publisher       = {Emerald Group Publishing, Limited},
  title           = {{Corporate financial distress: A Complete guide to Predicting, Avoiding, and Dealing with Bankruptcy}},
  volume          = {5},
  year            = {1984}
}

@article{Chen2013,
  author          = {Chen, Yibing and Zhang, Lingling and Zhang, Liang},
  chapter         = {678},
  doi             = {10.1016/j.procs.2013.05.088},
  file            = {:C\:/Users/qhykk/Documents/Mendeley Desktop/Chen, Zhang, Zhang - 2013 - Financial distress prediction for chinese listed manufacturing companies.pdf:pdf},
  isbn            = {18770509},
  issn            = {18770509},
  journal         = {Procedia Computer Science},
  keywords        = {Financial distress prediction,MC2LP,MCLP,Trade-off,Two types of error},
  mendeley-groups = {机器学习/破产预测},
  pages           = {678--686},
  title           = {{Financial distress prediction for chinese listed manufacturing companies}},
  volume          = {17},
  year            = {2013}
}

@article{Zhu2019,
  author          = {Zhu, You and Zhou, Li and Xie, Chi and Wang, Gang Jin and Nguyen, Truong V.},
  doi             = {10.1016/j.ijpe.2019.01.032},
  file            = {:C\:/Users/qhykk/Documents/Mendeley Desktop/Zhu et al. - 2019 - Forecasting SMEs' credit risk in supply chain finance with an enhanced hybrid ensemble machine learning approach.pdf:pdf},
  issn            = {09255273},
  journal         = {International Journal of Production Economics},
  keywords        = {Credit risk forecasting,Machine learning,Partial dependency plot,RS-MultiBoosting,Small and medium-sized enterprises,Supply chain finance},
  language        = {English},
  mendeley-groups = {机器学习/破产预测},
  pages           = {22--33},
  title           = {{Forecasting SMEs' credit risk in supply chain finance with an enhanced hybrid ensemble machine learning approach}},
  volume          = {211},
  year            = {2019}
}

@article{Sun2020,
  author          = {Sun, Jie and Li, Hui and Fujita, Hamido and Fu, Binbin and Ai, Wenguo},
  doi             = {10.1016/j.inffus.2019.07.006},
  file            = {:C\:/Users/qhykk/Documents/Mendeley Desktop/Sun et al. - 2020 - Class-imbalanced dynamic financial distress prediction based on Adaboost-SVM ensemble combined with SMOTE and time w.pdf:pdf},
  issn            = {15662535},
  journal         = {Information Fusion},
  keywords        = {Adaboost,Class imbalance,Dynamic financial distress prediction,SMOTE,Support vector machine,Time weighting},
  language        = {English},
  mendeley-groups = {机器学习/破产预测},
  pages           = {128--144},
  title           = {{Class-imbalanced dynamic financial distress prediction based on Adaboost-SVM ensemble combined with SMOTE and time weighting}},
  volume          = {54},
  year            = {2020}
}
